@article{reyes2013multidimensional,
  title={A multidimensional approach for detecting irony in twitter},
  author={Reyes, Antonio and Rosso, Paolo and Veale, Tony},
  journal={Language Resources and Evaluation},
  volume={47},
  number={1},
  pages={239--268},
  year={2013},
  publisher={Springer}
}
@article{reyes2012making,
  title={Making objective decisions from subjective data: Detecting irony in customer reviews},
  author={Reyes, Antonio and Rosso, Paolo},
  journal={Decision Support Systems},
  volume={53},
  number={4},
  pages={754--760},
  year={2012},
  publisher={Elsevier}
}
@inproceedings{amigo2013overview,
  title={Overview of replab 2013: Evaluating online reputation monitoring systems},
  author={Amig{\'o}, Enrique and De Albornoz, Jorge Carrillo and Chugur, Irina and Corujo, Adolfo and Gonzalo, Julio and Mart{\'\i}n, Tamara and Meij, Edgar and De Rijke, Maarten and Spina, Damiano},
  booktitle={Information Access Evaluation. Multilinguality, Multimodality, and Visualization},
  pages={333--352},
  year={2013},
  publisher={Springer}
}
@inproceedings{sang2012predicting,
  title={Predicting the 2011 dutch senate election results with twitter},
  author={Tjong Kim Sang, Erik and Johan Bos},
  booktitle={Proceedings of the Workshop on Semantic Analysis in Social Media},
  year={2012},
}
@inproceedings{Elming:ea:2014robust,
  author    = {Jakob Elming and  Barbara Plank  and  Dirk Hovy},
  title     = {Robust Cross-Domain Sentiment Analysis for Low-Resource Languages},
  booktitle = {Proceedings of the 5th Workshop on Computational Approaches to Subjectivity, Sentiment and Social Media Analysis},
  year      = {2014}
}

@article{Wolpert:1992,
  title={Stacked generalization},
  author={Wolpert, David H},
  journal={Neural networks},
  volume={5},
  number={2},
  pages={241--259},
  year={1992},
  publisher={Elsevier}
}

@inproceedings{Eisenstein:2013,
        Author = {Jacob Eisenstein},
        Booktitle = {NAACL},
        Title = {What to do about bad language on the internet},
        Year = {2013}}

@inproceedings{Hovy:ea:2014:LREC,
        Author = {Dirk Hovy and Barbara Plank and Anders S\o{}gaard},
        Booktitle = {LREC},
        Title = {{When POS datasets don't add up: Combatting sample bias}},
        Year = {2014}}

@inproceedings{semevalTask11,
Author={Ghosh, A. and Li, G. and Veale, T. and Rosso, P. and  Shutova, E. and Reyes, A. and  Barnden, J.},
Year={2015},
Title={SemEval-2015 Task 11: Sentiment Analysis of Figurative Language in Twitter},
Booktitle={Int. Workshop on Semantic Evaluation (SemEval-2015)}
}
